<?xml version="1.0" encoding="UTF-8" ?>
<collection xmlns:xsi="http://www.w3.org/2001/XMLSchema-instance" xsi:schemaLocation="http://www.loc.gov/MARC21/slim http://www.loc.gov/standards/marcxml/schema/MARC21slim.xsd" xmlns="http://www.loc.gov/MARC21/slim">
   <record>
      <leader>     cam a22     Ii 4500</leader>
      <controlfield tag="001">5018586</controlfield>
      <controlfield tag="003">NIC</controlfield>
      <controlfield tag="005">20131119175111.0</controlfield>
      <controlfield tag="008">951108s1953    ua       b    000 0 arao </controlfield>
      <datafield tag="010" ind1=" " ind2=" ">
         <subfield code="a">   78265004 </subfield>
      </datafield>
      <datafield tag="035" ind1=" " ind2=" ">
         <subfield code="a">(OCoLC)33446647</subfield>
      </datafield>
      <datafield tag="035" ind1=" " ind2=" ">
         <subfield code="a">5018586</subfield>
      </datafield>
      <datafield tag="040" ind1=" " ind2=" ">
         <subfield code="a">DLC</subfield>
         <subfield code="c">CUY</subfield>
         <subfield code="d">CUY</subfield>
         <subfield code="d">OCL</subfield>
         <subfield code="d">CGU</subfield>
         <subfield code="d">OCLCQ</subfield>
      </datafield>
      <datafield tag="050" ind1="0" ind2=" ">
         <subfield code="a">PN6154.3</subfield>
         <subfield code="b">.H84</subfield>
      </datafield>
      <datafield tag="100" ind1="1" ind2=" ">
         <subfield code="a">Ḥuṣrī, Ibrāhīm ibn ʻAlī,</subfield>
         <subfield code="d">-1022.</subfield>
      </datafield>
      <datafield tag="245" ind1="1" ind2="0">
         <subfield code="a">Jamʻ al-jawāhir fī al-milaḥ wa-al-nawādir /</subfield>
         <subfield code="c">li-Abī Isḥāq Ibrāhīm ibn ʻAlī al-Ḥuṣarī al-Qayrawānī ; ḥaqqaqah wa-ḍabaṭah wa-faṣṣala abwābah wa-waḍaʻa fahārisah ʻAlī Muḥammad al-Bajjāwī.</subfield>
      </datafield>
      <datafield tag="250" ind1=" " ind2=" ">
         <subfield code="a">al-Ṭabʻah 1.</subfield>
      </datafield>
      <datafield tag="260" ind1=" " ind2=" ">
         <subfield code="a">[Miṣr] :</subfield>
         <subfield code="b">Dār Iḥyāʼ al-Kutub al-ʻArabīyah,</subfield>
         <subfield code="c">1953.</subfield>
      </datafield>
      <datafield tag="300" ind1=" " ind2=" ">
         <subfield code="a">4, 403 p. ;</subfield>
         <subfield code="c">24 cm.</subfield>
      </datafield>
      <datafield tag="500" ind1=" " ind2=" ">
         <subfield code="a">&quot;Wa-huwa alladhī ṭubiʻa qabl bi-ism Dhayl Zahr al-ādāb.&quot;</subfield>
      </datafield>
      <datafield tag="504" ind1=" " ind2=" ">
         <subfield code="a">Includes bibliographical references (p. 402-403).</subfield>
      </datafield>
      <datafield tag="650" ind1=" " ind2="0">
         <subfield code="a">Arabic wit and humor.</subfield>
      </datafield>
      <datafield tag="700" ind1="1" ind2=" ">
         <subfield code="a">Bajāwī, ʻAlī Muḥammad.</subfield>
      </datafield>
      <datafield tag="700" ind1="1" ind2=" ">
         <subfield code="a">Ḥuṣrī, Ibrāhīm ibn ʻAlī,</subfield>
         <subfield code="d">-1022.</subfield>
         <subfield code="t">Dhayl Zahr al-ādāb.</subfield>
      </datafield>
      <datafield tag="740" ind1="0" ind2="1">
         <subfield code="a">Dhayl Zahr al-ādāb.</subfield>
      </datafield>
      <datafield tag="903" ind1=" " ind2=" ">
         <subfield code="a">NYUACO</subfield>
         <subfield code="d">20131119</subfield>
         <subfield code="p">31924098160108</subfield>
      </datafield>
      <datafield tag="948" ind1="0" ind2=" ">
         <subfield code="a">20040303</subfield>
         <subfield code="b">i</subfield>
         <subfield code="d">nk31</subfield>
         <subfield code="e">cts</subfield>
         <subfield code="h">appr</subfield>
      </datafield>
      <datafield tag="948" ind1="1" ind2=" ">
         <subfield code="a">20040303</subfield>
         <subfield code="b">f</subfield>
         <subfield code="d">nk31</subfield>
         <subfield code="e">cts</subfield>
         <subfield code="h">appr</subfield>
      </datafield>
      <datafield tag="948" ind1="2" ind2=" ">
         <subfield code="a">20100721</subfield>
         <subfield code="b">m</subfield>
         <subfield code="d">batch</subfield>
         <subfield code="e">lts</subfield>
         <subfield code="x">del9XXtxt</subfield>
      </datafield>
      <datafield tag="995" ind1=" " ind2=" ">
         <subfield code="a">Hivolm</subfield>
         <subfield code="d">20100721</subfield>
      </datafield>
      <datafield tag="903" ind1=" " ind2=" ">
         <subfield code="a">NYUACO</subfield>
         <subfield code="d">20140402</subfield>
         <subfield code="p">31924098160108</subfield>
      </datafield>
      <datafield tag="950" ind1=" " ind2=" ">
         <subfield code="a">PN6154.3</subfield>
         <subfield code="b">.H84x 1953</subfield>
         <subfield code="v"> </subfield>
      </datafield>
   </record>
</collection>
